{
  "leader": "02299cam a2200517 i 4500",
  "fields": [
    {
      "001": "ocm00105840\\"
    },
    {
      "003": "OCoLC"
    },
    {
      "005": "20220630152052.0"
    },
    {
      "008": "701215s1970\\\\\\\\ilu\\\\\\\\\\\\b\\\\\\\\001\\0\\eng\\\\"
    },
    {
      "007": "ta"
    },
    {
      "010": {
        "ind1": "\\",
        "ind2": "\\",
        "subfields": [
          {
            "a": "   76125481 "
          }
        ]
      }
    },
    {
      "040": {
        "ind1": "\\",
        "ind2": "\\",
        "subfields": [
          {
            "a": "DLC"
          },
          {
            "b": "eng"
          },
          {
            "c": "DLC"
          },
          {
            "d": "EL{dollar}"
          },
          {
            "d": "OCL"
          },
          {
            "d": "BTCTA"
          },
          {
            "d": "LVB"
          },
          {
            "d": "OCLCQ"
          },
          {
            "d": "DEBBG"
          },
          {
            "d": "CTB"
          },
          {
            "d": "GBVCP"
          },
          {
            "d": "OCLCO"
          },
          {
            "d": "OCLCQ"
          },
          {
            "d": "OCLCF"
          },
          {
            "d": "OCLCO"
          },
          {
            "d": "WDA"
          },
          {
            "d": "OCLCQ"
          },
          {
            "d": "ICN"
          },
          {
            "d": "U3G"
          },
          {
            "d": "NYHOF"
          },
          {
            "d": "IL4J6"
          },
          {
            "d": "LVT"
          },
          {
            "d": "OCLCO"
          },
          {
            "d": "AGL"
          },
          {
            "d": "OCLCO"
          }
        ]
      }
    },
    {
      "019": {
        "ind1": "\\",
        "ind2": "\\",
        "subfields": [
          {
            "a": "1086698439"
          },
          {
            "a": "1201947644"
          },
          {
            "a": "1225649365"
          },
          {
            "a": "1229262497"
          },
          {
            "a": "1275736772"
          },
          {
            "a": "1275914946"
          },
          {
            "a": "1277102919"
          }
        ]
      }
    },
    {
      "020": {
        "ind1": "\\",
        "ind2": "\\",
        "subfields": [
          {
            "z": "0812001517"
          }
        ]
      }
    },
    {
      "020": {
        "ind1": "\\",
        "ind2": "\\",
        "subfields": [
          {
            "a": "0812961889"
          }
        ]
      }
    },
    {
      "020": {
        "ind1": "\\",
        "ind2": "\\",
        "subfields": [
          {
            "a": "9780812961881"
          }
        ]
      }
    },
    {
      "020": {
        "ind1": "\\",
        "ind2": "\\",
        "subfields": [
          {
            "a": "9780812001518"
          }
        ]
      }
    },
    {
      "020": {
        "ind1": "\\",
        "ind2": "\\",
        "subfields": [
          {
            "a": "0812001516"
          }
        ]
      }
    },
    {
      "035": {
        "ind1": "\\",
        "ind2": "\\",
        "subfields": [
          {
            "a": "(OCoLC)105840"
          },
          {
            "z": "(OCoLC)1086698439"
          },
          {
            "z": "(OCoLC)1201947644"
          },
          {
            "z": "(OCoLC)1225649365"
          },
          {
            "z": "(OCoLC)1229262497"
          },
          {
            "z": "(OCoLC)1275736772"
          },
          {
            "z": "(OCoLC)1275914946"
          },
          {
            "z": "(OCoLC)1277102919"
          }
        ]
      }
    },
    {
      "043": {
        "ind1": "\\",
        "ind2": "\\",
        "subfields": [
          {
            "a": "cl-----"
          },
          {
            "a": "n-us---"
          }
        ]
      }
    },
    {
      "050": {
        "ind1": "0",
        "ind2": "0",
        "subfields": [
          {
            "a": "F1418"
          },
          {
            "b": ".L5 1970"
          }
        ]
      }
    },
    {
      "070": {
        "ind1": "\\",
        "ind2": "\\",
        "subfields": [
          {
            "a": "F1418.L4"
          }
        ]
      }
    },
    {
      "082": {
        "ind1": "0",
        "ind2": "0",
        "subfields": [
          {
            "a": "309.223"
          },
          {
            "b": "LEV"
          }
        ]
      }
    },
    {
      "100": {
        "ind1": "1",
        "ind2": "\\",
        "subfields": [
          {
            "a": "Levinson, Jerome I.,"
          },
          {
            "d": "1931-"
          }
        ]
      }
    },
    {
      "245": {
        "ind1": "1",
        "ind2": "4",
        "subfields": [
          {
            "a": "The Alliance that lost its way :"
          },
          {
            "b": "a critical report on the Alliance for progress /"
          },
          {
            "c": "by Jerome Levinson and Juan de Onis."
          }
        ]
      }
    },
    {
      "260": {
        "ind1": "\\",
        "ind2": "\\",
        "subfields": [
          {
            "a": "Chicago :"
          },
          {
            "b": "Quadrangle Books,"
          },
          {
            "c": "1970."
          }
        ]
      }
    },
    {
      "300": {
        "ind1": "\\",
        "ind2": "\\",
        "subfields": [
          {
            "a": "xi, 381 pages ;"
          },
          {
            "c": "22 cm"
          }
        ]
      }
    },
    {
      "336": {
        "ind1": "\\",
        "ind2": "\\",
        "subfields": [
          {
            "a": "text"
          },
          {
            "b": "txt"
          },
          {
            "2": "rdacontent"
          }
        ]
      }
    },
    {
      "337": {
        "ind1": "\\",
        "ind2": "\\",
        "subfields": [
          {
            "a": "unmediated"
          },
          {
            "b": "n"
          },
          {
            "2": "rdamedia"
          }
        ]
      }
    },
    {
      "338": {
        "ind1": "\\",
        "ind2": "\\",
        "subfields": [
          {
            "a": "volume"
          },
          {
            "b": "nc"
          },
          {
            "2": "rdacarrier"
          }
        ]
      }
    },
    {
      "500": {
        "ind1": "\\",
        "ind2": "\\",
        "subfields": [
          {
            "a": "\"A Twentieth Century Fund study.\""
          }
        ]
      }
    },
    {
      "504": {
        "ind1": "\\",
        "ind2": "\\",
        "subfields": [
          {
            "a": "Includes bibliographical references."
          }
        ]
      }
    },
    {
      "520": {
        "ind1": "\\",
        "ind2": "\\",
        "subfields": [
          {
            "a": "\"A Twentieth Century Fund study.\" Includes bibliographical references."
          }
        ]
      }
    },
    {
      "610": {
        "ind1": "2",
        "ind2": "0",
        "subfields": [
          {
            "a": "Alliance for Progress."
          }
        ]
      }
    },
    {
      "651": {
        "ind1": "\\",
        "ind2": "0",
        "subfields": [
          {
            "a": "United States"
          },
          {
            "x": "Relations"
          },
          {
            "z": "Latin America."
          }
        ]
      }
    },
    {
      "651": {
        "ind1": "\\",
        "ind2": "0",
        "subfields": [
          {
            "a": "Latin America"
          },
          {
            "x": "Relations"
          },
          {
            "z": "United States."
          }
        ]
      }
    },
    {
      "610": {
        "ind1": "2",
        "ind2": "7",
        "subfields": [
          {
            "a": "Alliance for Progress."
          },
          {
            "2": "fast"
          },
          {
            "0": "(OCoLC)fst00647903"
          }
        ]
      }
    },
    {
      "650": {
        "ind1": "\\",
        "ind2": "7",
        "subfields": [
          {
            "a": "International relations."
          },
          {
            "2": "fast"
          },
          {
            "0": "(OCoLC)fst00977053"
          }
        ]
      }
    },
    {
      "651": {
        "ind1": "\\",
        "ind2": "7",
        "subfields": [
          {
            "a": "Latin America."
          },
          {
            "2": "fast"
          },
          {
            "0": "(OCoLC)fst01245945"
          }
        ]
      }
    },
    {
      "651": {
        "ind1": "\\",
        "ind2": "7",
        "subfields": [
          {
            "a": "United States."
          },
          {
            "2": "fast"
          },
          {
            "0": "(OCoLC)fst01204155"
          }
        ]
      }
    },
    {
      "700": {
        "ind1": "1",
        "ind2": "\\",
        "subfields": [
          {
            "a": "De Onis, Juan,"
          },
          {
            "d": "1927-"
          },
          {
            "4": "aut"
          }
        ]
      }
    },
    {
      "776": {
        "ind1": "0",
        "ind2": "8",
        "subfields": [
          {
            "i": "Online version:"
          },
          {
            "a": "Levinson, Jerome I., 1931-"
          },
          {
            "t": "Alliance that lost its way."
          },
          {
            "d": "Chicago, Quadrangle Books, 1970"
          },
          {
            "w": "(OCoLC)610211189"
          }
        ]
      }
    },
    {
      "776": {
        "ind1": "0",
        "ind2": "8",
        "subfields": [
          {
            "i": "Online version:"
          },
          {
            "a": "Levinson, Jerome I., 1931-"
          },
          {
            "t": "Alliance that lost its way."
          },
          {
            "d": "Chicago, Quadrangle Books, 1970"
          },
          {
            "w": "(OCoLC)610211194"
          }
        ]
      }
    },
    {
      "994": {
        "ind1": "\\",
        "ind2": "\\",
        "subfields": [
          {
            "a": "Z0"
          },
          {
            "b": "NYRVC"
          }
        ]
      }
    },
    {
      "948": {
        "ind1": "\\",
        "ind2": "\\",
        "subfields": [
          {
            "h": "NO HOLDINGS IN NYRVC - 950 OTHER HOLDINGS"
          }
        ]
      }
    },
    {
      "999": {
        "ind1": "\\",
        "ind2": "\\",
        "subfields": [
          {
            "a": "00000000016006"
          }
        ]
      }
    }
  ]
}